
@book{vonnegut_how_1980,
	title = {How to write with style},
	publisher = {International Paper Company},
	author = {Vonnegut, Kurt},
	year = {1980},
}

@book{pinker_sense_2015,
	title = {The sense of style: {The} thinking person's guide to writing in the 21st century},
	publisher = {Penguin Books},
	author = {Pinker, Steven},
	year = {2015},
}

@incollection{orwell_politics_1968,
	title = {Politics and the {English} language},
	booktitle = {The collected essays, journalism and letters of {George} {Orwell}},
	publisher = {Harcourt, Brace, Javanovich},
	author = {Orwell, George},
	year = {1968},
	pages = {127--140},
}

@book{strunk_elements_2007,
	title = {The {Elements} of style},
	publisher = {Penguin},
	author = {Strunk, William and Whyte, EB},
	year = {2007},
}

@book{williams_style_2009,
	title = {Style: the basics of clarity and grace},
	publisher = {Pearson Longman},
	author = {Williams, Joseph M and Bizup, Joseph},
	year = {2009},
}

@inproceedings{jones_how_2017,
	title = {How to {Write} a {Great} {Research} {Paper}},
	booktitle = {2017 {Imperial} {College} {Computing} {Student} {Workshop}, {ICCSW} 2017, {September} 26-27, 2017, {London}, {UK}},
	author = {Jones, Simon Peyton},
	year = {2017},
	pages = {1:1--1:1},
}
