
@misc{serverchecksyml,
	title = {./.github/workflows/server-checks.yml},
	url = {https://github.com/ineshbose/portion-mate/blob/cb05d5b7505df7d7e65550ef01d22ef2ada0a47c/.github/workflows/server-checks.yml#L15},
	keywords = {code, repository, workflow},
}

@misc{Issue41,
	title = {Issue \#41},
	url = {https://github.com/ineshbose/portion-mate/issues/41},
	keywords = {issue, repository},
}

@misc{issue28,
	title = {Issue \#28},
	url = {https://github.com/ineshbose/portion-mate/issues/28},
	keywords = {issue, repository},
}

@misc{resttestpy,
	title = {./src/server/rest/tests.py},
	url = {https://github.com/ineshbose/portion-mate/blob/cb05d5b7505df7d7e65550ef01d22ef2ada0a47c/src/server/rest/tests.py#L41},
	keywords = {code, repository},
}

@misc{srchomepagetsx,
	title = {./src/app/screens/{BottomTab}/{HomePage}.tsx},
	url = {https://github.com/ineshbose/portion-mate/blob/82a726e58c501ab2b4fe9c5f18ac399fb29b0422/src/app/screens/BottomTab/HomePage.tsx#L123},
	keywords = {code, repository},
}

@misc{pyprojecttoml,
	title = {./pyproject.toml},
	url = {https://github.com/ineshbose/portion-mate/blob/cb05d5b7505df7d7e65550ef01d22ef2ada0a47c/pyproject.toml},
	keywords = {code, repository},
}

@misc{issue70,
	title = {Issue \#70},
	url = {https://github.com/ineshbose/portion-mate/issues/70},
	keywords = {issue, repository},
}

@misc{pull79,
	title = {Pull {Request} \#79},
	url = {https://github.com/ineshbose/portion-mate/pull/79},
	keywords = {pull, repository},
}

@misc{wikiResearch,
	title = {Research {Wiki}},
	url = {https://github.com/ineshbose/portion-mate/wiki/Research},
	keywords = {repository, wiki},
}

@misc{wikiUsers,
	title = {Users {Wiki}},
	url = {https://github.com/ineshbose/portion-mate/wiki/Users},
	keywords = {repository, wiki},
}

@misc{wikiRequirements,
	title = {Requirements {Wiki}},
	url = {https://github.com/ineshbose/portion-mate/wiki/Requirements},
	keywords = {repository, wiki},
}

@misc{wikiWireframes,
	title = {Wireframes {Wiki}},
	url = {https://github.com/ineshbose/portion-mate/wiki/Wireframes},
	keywords = {repository, wiki},
}

@misc{Issue73,
	title = {Issue \#73},
	url = {https://github.com/ineshbose/portion-mate/issues/73},
	keywords = {issue, repository},
}

@misc{SrcAppNavigation,
	title = {src/app/navigation/{RootNavigator}.tsx},
	url = {https://github.com/ineshbose/portion-mate/blob/82a726e58c501ab2b4fe9c5f18ac399fb29b0422/src/app/navigation/RootNavigator.tsx#L13},
	keywords = {code, repository},
}

@misc{Issue93,
	title = {Issue \#93},
	url = {https://github.com/ineshbose/portion-mate/issues/93},
	keywords = {issue, repository},
}

@misc{SrcSetenvJs,
	title = {./src/set-env.js},
	url = {https://github.com/ineshbose/portion-mate/blob/c51ee3f32d05df641157467169e9659732202b7b/src/set-env.js#L26},
	keywords = {code, repository},
}

@misc{PullRequest120,
	title = {Pull {Request} \#120 {Files}},
	url = {https://github.com/ineshbose/portion-mate/pull/120/files},
	keywords = {pull, repository},
}

@misc{SrcAppTsx,
	title = {./src/{App}.tsx},
	url = {https://github.com/ineshbose/portion-mate/blob/c51ee3f32d05df641157467169e9659732202b7b/src/app/App.tsx#L28},
	keywords = {code, repository},
}

@misc{SrcAppApi,
	title = {./src/app/api/index.ts},
	url = {https://github.com/ineshbose/portion-mate/blob/c51ee3f32d05df641157467169e9659732202b7b/src/app/api/index.ts#L20},
	keywords = {code, repository},
}

@misc{SrcAppTypes,
	title = {./src/app/types/api.ts},
	url = {https://github.com/ineshbose/portion-mate/blob/c51ee3f32d05df641157467169e9659732202b7b/src/app/types/api.ts#L28},
	keywords = {code, repository},
}

@misc{SrcAppConstants,
	title = {./src/app/constants/{Styles}/index.ts},
	url = {https://github.com/ineshbose/portion-mate/blob/c51ee3f32d05df641157467169e9659732202b7b/src/app/constants/Styles/index.ts#L7},
	keywords = {code, repository},
}

@misc{PullRequest83,
	title = {Pull {Request} \#83},
	url = {https://github.com/ineshbose/portion-mate/pull/83},
	keywords = {pull, repository},
}

@misc{Issue116,
	title = {Issue \#116},
	url = {https://github.com/ineshbose/portion-mate/issues/116},
	keywords = {issue, repository},
}

@misc{Issue71,
	title = {Issue \#71},
	url = {https://github.com/ineshbose/portion-mate/issues/71},
	keywords = {issue, repository},
}

@misc{PullRequest69,
	title = {Pull {Request} \#69},
	url = {https://github.com/ineshbose/portion-mate/pull/69},
	keywords = {pull, repository},
}

@misc{Issue52,
	title = {Issue \#52},
	url = {https://github.com/ineshbose/portion-mate/issues/52},
	keywords = {issue, repository},
}

@misc{PackageJson,
	title = {./package.json},
	url = {https://github.com/ineshbose/portion-mate/blob/c51ee3f32d05df641157467169e9659732202b7b/package.json#L22},
	keywords = {code, repository},
}

@misc{Issue44,
	title = {Issue \#44},
	url = {https://github.com/ineshbose/portion-mate/issues/44},
	keywords = {issue, repository},
}
