
@misc{CypressioCypress2022,
	title = {Cypress},
	copyright = {MIT},
	url = {https://github.com/cypress-io/cypress},
	abstract = {Fast, easy and reliable testing for anything that runs in a browser.},
	urldate = {2022-04-01},
	publisher = {Cypress.io},
	month = apr,
	year = {2022},
	note = {original-date: 2015-03-04T00:46:28Z},
	keywords = {cypress, e2e-testing, e2e-tests, end-to-end-testing, javascript-tests, package, test, test-automation, test-runner, test-suite, testing, testing-tools, tests},
}

@misc{FacebookJest2022,
	title = {Jest},
	copyright = {MIT},
	url = {https://github.com/facebook/jest},
	abstract = {Delightful JavaScript Testing.},
	urldate = {2022-04-01},
	publisher = {Meta},
	month = apr,
	year = {2022},
	note = {original-date: 2013-12-10T00:18:04Z},
	keywords = {easy, expectation, facebook, immersive, javascript, package, painless, painless-javascript-testing, snapshot, testing},
}

@misc{PytestdevPytest2022,
	title = {Pytest},
	copyright = {MIT},
	url = {https://github.com/pytest-dev/pytest},
	abstract = {The pytest framework makes it easy to write small tests, yet scales to support complex functional testing},
	urldate = {2022-04-01},
	publisher = {pytest-dev},
	month = apr,
	year = {2022},
	note = {original-date: 2015-06-15T20:28:27Z},
	keywords = {hacktoberfest, package, python, test, testing, unit-testing},
}

@misc{Dependabot2022,
	title = {Dependabot},
	url = {https://github.com/dependabot/dependabot-core},
	abstract = {The core logic behind Dependabot's update PR creation.},
	urldate = {2022-04-01},
	publisher = {Dependabot},
	month = apr,
	year = {2022},
	note = {original-date: 2017-06-02T12:23:31Z},
	keywords = {dependencies, docker, dotnet, elixir, elm, go, java, javascript, package, php, python, ruby, rust, terraform},
}

@misc{HomepageTravisCI,
	title = {Travis {CI}},
	url = {https://www.travis-ci.com/},
	abstract = {Travis CI is a continuous integration tool that test and deploy your projects with ease. Sync your build projects with Travis CI in minutes!},
	language = {en-US},
	urldate = {2022-04-01},
	journal = {Travis CI},
	keywords = {package},
}

@misc{AppVeyor,
	title = {{AppVeyor}},
	url = {https://www.appveyor.com/},
	language = {en},
	urldate = {2022-04-01},
	journal = {AppVeyor},
	keywords = {package},
}

@misc{LibrariesOpenSource,
	title = {Libraries.io},
	url = {https://libraries.io},
	abstract = {Discover open source libraries, modules and frameworks you can use in your code},
	language = {en},
	urldate = {2022-04-01},
	journal = {Libraries.io},
	keywords = {package},
}

@misc{SnykDeveloperSecurity2020,
	title = {Snyk},
	url = {https://snyk.io/},
	abstract = {Snyk helps software-driven businesses develop fast and stay secure. Continuously find and fix vulnerabilities for npm, Maven, NuGet, RubyGems, PyPI and more.},
	language = {en-US},
	urldate = {2022-04-01},
	month = oct,
	year = {2020},
	keywords = {package},
}

@misc{Overleaf,
	title = {Overleaf},
	url = {https://overleaf.com},
	keywords = {package},
}

@misc{WelcomeReadDocs2022,
	title = {Read the {Docs}},
	copyright = {MIT},
	url = {https://github.com/readthedocs/readthedocs.org},
	abstract = {The source code that powers readthedocs.org},
	urldate = {2022-04-01},
	publisher = {Read the Docs},
	month = mar,
	year = {2022},
	note = {original-date: 2010-08-16T19:18:06Z},
	keywords = {docs, mkdocs, package, python, sphinx, sphinx-doc},
}

@misc{DevOpsIntelligencePlatform,
	title = {Codacy},
	url = {https://www.codacy.com/},
	abstract = {Enabling software development teams to achieve their full potential. Get visibility of your organization’s engineering health.},
	language = {en},
	urldate = {2022-04-01},
	keywords = {package},
}

@misc{codeclimate,
	title = {Code {Climate}},
	url = {https://codeclimate.com/},
	abstract = {Velocity synthesizes the data from your repos to give you full visibility and empowers your team for continuous delivery.},
	language = {en},
	urldate = {2022-04-01},
	keywords = {package},
}

@misc{FeaturesGitHubActions,
	title = {{GitHub} {Actions}},
	url = {https://github.com/features/actions},
	abstract = {Easily build, package, release, update, and deploy your project in any language—on GitHub or any external system—without having to run code yourself.},
	language = {en},
	urldate = {2022-04-01},
	journal = {GitHub},
	keywords = {package},
}

@misc{gitGitHooks,
	title = {Git {Hooks}},
	url = {https://git-scm.com/book/en/v2/Customizing-Git-Git-Hooks},
	urldate = {2022-03-20},
	author = {Git},
	keywords = {package},
}

@misc{ottoBootstrap,
	title = {Bootstrap},
	url = {https://getbootstrap.com/},
	abstract = {The most popular HTML, CSS, and JS library in the world.},
	language = {en},
	urldate = {2022-03-20},
	author = {Otto, Mark and Thornton, Jacob},
	keywords = {package},
}

@misc{BootstrapVue,
	title = {{BootstrapVue}},
	url = {https://bootstrap-vue.org},
	abstract = {Quickly integrate Bootstrap v4 components with Vue.js},
	language = {en},
	urldate = {2022-03-20},
	journal = {BootstrapVue},
	keywords = {package},
}

@misc{ReactBootstrap,
	title = {React-{Bootstrap}},
	url = {https://react-bootstrap.github.io/},
	abstract = {The most popular front-end framework, rebuilt for React.},
	urldate = {2022-03-20},
	keywords = {package},
}

@misc{Black2022,
	title = {Black},
	copyright = {MIT},
	url = {https://github.com/psf/black},
	abstract = {The uncompromising Python code formatter},
	urldate = {2022-03-21},
	publisher = {Python Software Foundation},
	month = mar,
	year = {2022},
	note = {original-date: 2018-03-14T19:54:45Z},
	keywords = {autopep8, code, codeformatter, formatter, gofmt, package, pre-commit-hook, python, yapf},
}

@misc{Flask2022,
	title = {Flask},
	copyright = {BSD-3-Clause},
	url = {https://github.com/pallets/flask},
	abstract = {The Python micro framework for building web applications.},
	urldate = {2022-03-21},
	publisher = {Pallets},
	month = mar,
	year = {2022},
	note = {original-date: 2010-04-06T11:11:59Z},
	keywords = {flask, jinja, package, pallets, python, web-framework, werkzeug, wsgi},
}

@misc{Django2022,
	title = {Django},
	url = {https://github.com/django/django},
	abstract = {The Web framework for perfectionists with deadlines.},
	urldate = {2022-03-21},
	publisher = {Django},
	month = mar,
	year = {2022},
	note = {original-date: 2012-04-28T02:47:18Z},
	keywords = {apps, django, framework, models, orm, package, python, templates, views, web},
}

@misc{PoetryDependencyManagement2022,
	title = {Poetry},
	copyright = {MIT},
	shorttitle = {Poetry},
	url = {https://github.com/python-poetry/poetry},
	abstract = {Python dependency management and packaging made easy.},
	urldate = {2022-03-21},
	publisher = {Poetry},
	month = mar,
	year = {2022},
	note = {original-date: 2018-02-28T15:23:47Z},
	keywords = {dependency-manager, hacktoberfest, package, package-manager, packaging, python},
}

@misc{PipenvPythonDevelopment2022,
	title = {Pipenv},
	copyright = {MIT},
	shorttitle = {Pipenv},
	url = {https://github.com/pypa/pipenv},
	abstract = {Python Development Workflow for Humans.},
	urldate = {2022-03-21},
	publisher = {Python Packaging Authority},
	month = mar,
	year = {2022},
	note = {original-date: 2017-01-20T00:44:02Z},
	keywords = {package, packaging, pip, pipfile, python, virtualenv},
}

@misc{YarnpkgYarn2022,
	title = {Yarn},
	url = {https://github.com/yarnpkg/yarn},
	abstract = {The 1.x line is frozen - features and bugfixes now happen on https://github.com/yarnpkg/berry},
	urldate = {2022-03-21},
	publisher = {Yarn},
	month = mar,
	year = {2022},
	note = {original-date: 2016-01-19T17:39:16Z},
	keywords = {javascript, npm, package, package-manager, yarn},
}

@misc{shreveNgrokIntrospectedTunnels2022,
	title = {ngrok},
	url = {https://github.com/inconshreveable/ngrok},
	abstract = {Introspected tunnels to localhost},
	urldate = {2022-03-21},
	author = {Shreve, Alan},
	month = mar,
	year = {2022},
	note = {original-date: 2013-03-20T09:37:43Z},
	keywords = {package},
}

@misc{PrecommitPrecommit2022,
	title = {pre-commit/pre-commit},
	copyright = {MIT},
	url = {https://github.com/pre-commit/pre-commit},
	abstract = {A framework for managing and maintaining multi-language pre-commit hooks.},
	urldate = {2022-03-21},
	publisher = {pre-commit},
	month = mar,
	year = {2022},
	note = {original-date: 2014-03-13T00:39:38Z},
	keywords = {git, linter, package, pre-commit, python, refactoring},
}

@misc{DjangoRESTFramework2022,
	title = {Django {REST} framework},
	url = {https://github.com/encode/django-rest-framework},
	abstract = {Web APIs for Django},
	urldate = {2022-03-21},
	publisher = {Encode},
	month = mar,
	year = {2022},
	note = {original-date: 2011-03-02T17:13:56Z},
	keywords = {api, django, package, python, rest},
}

@misc{typicodeHusky2022,
	title = {typicode/husky},
	copyright = {MIT},
	url = {https://github.com/typicode/husky},
	abstract = {Git hooks made easy},
	urldate = {2022-03-21},
	author = {typicode},
	month = mar,
	year = {2022},
	note = {original-date: 2014-06-23T12:14:21Z},
	keywords = {commit, git, hooks, package, pre-commit},
}

@misc{PyPIPythonPackage,
	title = {{PyPI}},
	url = {https://pypi.org/},
	abstract = {The Python Package Index (PyPI) is a repository of software for the Python programming language.},
	language = {en},
	urldate = {2022-03-21},
	journal = {PyPI},
	keywords = {package},
}

@misc{youYorkie2022,
	title = {yyx990803/yorkie},
	copyright = {MIT},
	url = {https://github.com/yyx990803/yorkie},
	urldate = {2022-03-21},
	author = {You, Evan},
	month = mar,
	year = {2022},
	note = {original-date: 2018-01-06T04:26:07Z},
	keywords = {package},
}

@misc{Npm,
	title = {npm},
	url = {https://www.npmjs.com/},
	language = {en},
	urldate = {2022-03-21},
	keywords = {package},
}

@misc{TypeScript2022,
	title = {{TypeScript}},
	copyright = {Apache-2.0},
	url = {https://github.com/microsoft/TypeScript},
	abstract = {TypeScript is a superset of JavaScript that compiles to clean JavaScript output.},
	urldate = {2022-03-21},
	publisher = {Microsoft},
	month = mar,
	year = {2022},
	note = {original-date: 2014-06-17T15:28:39Z},
	keywords = {javascript, language, package, typechecker, typescript},
}

@misc{VisualStudioCode2022,
	title = {Visual {Studio} {Code}},
	copyright = {MIT},
	url = {https://github.com/microsoft/vscode},
	abstract = {Visual Studio Code},
	urldate = {2022-03-21},
	publisher = {Microsoft},
	month = mar,
	year = {2022},
	note = {original-date: 2015-09-03T20:23:38Z},
	keywords = {editor, electron, microsoft, package, typescript, visual-studio-code},
}

@misc{ESLint2022,
	title = {{ESLint}},
	copyright = {MIT},
	url = {https://github.com/eslint/eslint},
	abstract = {Find and fix problems in your JavaScript code.},
	urldate = {2022-03-21},
	publisher = {ESLint},
	month = mar,
	year = {2022},
	note = {original-date: 2013-06-29T23:59:48Z},
	keywords = {ecmascript, eslint, javascript, linter, package, static-code-analysis},
}

@misc{PrettierPrettier2022,
	title = {Prettier},
	copyright = {MIT},
	url = {https://github.com/prettier/prettier},
	abstract = {Prettier is an opinionated code formatter.},
	urldate = {2022-03-21},
	publisher = {Prettier},
	month = mar,
	year = {2022},
	note = {original-date: 2016-11-29T17:13:37Z},
	keywords = {angular, ast, css, flow, formatter, graphql, html, javascript, json, jsx, less, markdown, package, prettier, printer, scss, typescript, vue, yaml},
}

@misc{Python2022,
	title = {Python},
	url = {https://github.com/python/cpython},
	abstract = {The Python programming language},
	urldate = {2022-03-21},
	publisher = {Python},
	month = mar,
	year = {2022},
	note = {original-date: 2017-02-10T19:23:51Z},
	keywords = {package},
}

@misc{PipPythonPackage2022,
	title = {pip},
	copyright = {MIT},
	url = {https://github.com/pypa/pip},
	abstract = {The Python package installer},
	urldate = {2022-03-21},
	publisher = {Python Packaging Authority},
	month = mar,
	year = {2022},
	note = {original-date: 2011-03-06T14:30:46Z},
	keywords = {package, packaging, pip, python},
}

@misc{NpmJavaScriptPackage2022,
	title = {npm},
	url = {https://github.com/npm/cli},
	abstract = {the package manager for JavaScript},
	urldate = {2022-03-21},
	publisher = {npm},
	month = mar,
	year = {2022},
	note = {original-date: 2018-07-05T23:26:52Z},
	keywords = {javascript, nodejs, npm, npm-cli, package, package-manager, tools},
}

@misc{NodeJs2022,
	title = {Node.js},
	url = {https://github.com/nodejs/node},
	abstract = {Node.js JavaScript runtime},
	urldate = {2022-03-21},
	publisher = {Node.js},
	month = mar,
	year = {2022},
	note = {original-date: 2014-11-26T19:57:11Z},
	keywords = {javascript, js, linux, macos, mit, node, nodejs, package, runtime, windows},
}

@misc{EvaDesignSystem2022,
	title = {Eva {Design} {System}},
	url = {https://github.com/eva-design/eva},
	abstract = {:dizzy:Customizable Design System easily adaptable to your Brand.},
	urldate = {2022-03-24},
	publisher = {Eva Design System},
	month = mar,
	year = {2022},
	note = {original-date: 2019-05-29T08:16:12Z},
	keywords = {angular, design, design-system, package, react-native, ui-components},
}

@misc{Expo2022,
	title = {Expo},
	copyright = {MIT},
	url = {https://github.com/expo/expo},
	abstract = {An open-source platform for making universal native apps with React. Expo runs on Android, iOS, and the web.},
	urldate = {2022-03-24},
	publisher = {Expo},
	month = mar,
	year = {2022},
	note = {original-date: 2016-08-15T17:14:25Z},
	keywords = {android, app-framework, expo, ios, mobile, native, native-apps, package, react, universal, web, web-framework},
}

@misc{YarnpkgBerry2022,
	title = {Berry},
	copyright = {BSD-2-Clause},
	url = {https://github.com/yarnpkg/berry},
	abstract = {Active development trunk for Yarn},
	urldate = {2022-03-21},
	publisher = {Yarn},
	month = mar,
	year = {2022},
	note = {original-date: 2018-09-10T22:49:22Z},
	keywords = {javascript, nodejs, package, package-manager, yarn},
}

@misc{ReactNative2022,
	title = {React {Native}},
	url = {https://github.com/facebook/react-native},
	abstract = {A framework for building native applications using React},
	urldate = {2022-03-24},
	publisher = {Meta},
	month = mar,
	year = {2022},
	note = {original-date: 2015-01-09T18:10:16Z},
	keywords = {package},
}

@misc{ActionsGithubscript2022,
	title = {actions/github-script},
	copyright = {MIT},
	url = {https://github.com/actions/github-script},
	abstract = {Write workflows scripting the GitHub API in JavaScript},
	urldate = {2022-04-01},
	publisher = {GitHub Actions},
	month = mar,
	year = {2022},
	note = {original-date: 2019-08-29T22:46:51Z},
	keywords = {actions, github-api, javascript, package},
}

@misc{CheckoutV32022,
	title = {Checkout {V3}},
	copyright = {MIT},
	url = {https://github.com/actions/checkout},
	abstract = {Action for checking out a repo},
	urldate = {2022-04-01},
	publisher = {GitHub Actions},
	month = mar,
	year = {2022},
	note = {original-date: 2019-07-19T17:15:33Z},
	keywords = {package},
}

@misc{ShieldsIoQuality,
	title = {Shields.io},
	url = {https://shields.io/},
	abstract = {Quality metadata badges for open source projects},
	urldate = {2022-04-01},
	keywords = {package},
}

@misc{MdxjsMdxMarkdown,
	title = {mdx-js/mdx},
	url = {https://github.com/mdx-js/mdx},
	abstract = {Markdown for the component era},
	urldate = {2022-04-01},
	keywords = {package},
}

@misc{XamarinOpensourceMobile,
	title = {Xamarin},
	url = {https://dotnet.microsoft.com/en-us/apps/xamarin},
	abstract = {Xamarin is a free and open source mobile app platform for building native and high-performance iOS, Android, tvOS, watchOS, macOS, and Windows apps in C\# with .NET.},
	language = {en-US},
	urldate = {2022-04-01},
	journal = {Microsoft},
	keywords = {package},
}

@misc{Flutter2022,
	title = {Flutter},
	copyright = {BSD-3-Clause},
	url = {https://github.com/flutter/flutter},
	abstract = {Flutter makes it easy and fast to build beautiful apps for mobile and beyond},
	urldate = {2022-04-01},
	publisher = {Flutter},
	month = apr,
	year = {2022},
	note = {original-date: 2015-03-06T22:54:58Z},
	keywords = {android, app-framework, dart, dart-platform, desktop, fuchsia, ios, linux-desktop, macos, material-design, mobile, package, skia, web, web-framework, windows},
}
